<?xml version="1.0" encoding="UTF-8"?><collection xmlns="http://www.loc.gov/MARC21/slim"><record><leader>00445nam--2200169-i-4500</leader><controlfield tag="001">000021583</controlfield><controlfield tag="002">20161230</controlfield><controlfield tag="005">20170205214112</controlfield><controlfield tag="008">060222s1000------------r-----000-0-eng-d</controlfield><datafield ind1=" " ind2=" " tag="100"><subfield code="a">Jayaraman, A</subfield></datafield><datafield ind1=" " ind2=" " tag="245"><subfield code="a">On the optical behaviour of cryptocrystalline quartz</subfield></datafield><datafield ind1=" " ind2=" " tag="260"><subfield code="a">Bangalore</subfield><subfield code="c">1955</subfield></datafield><datafield ind1=" " ind2=" " tag="300"><subfield code="a">6 p., IV Pl</subfield></datafield><datafield ind1=" " ind2=" " tag="490"><subfield code="a">Memoirs Of The Raman Research Inst</subfield></datafield><datafield ind1=" " ind2=" " tag="700"><subfield code="a">Raman, C. V</subfield></datafield><datafield ind1=" " ind2=" " tag="852"><subfield code="a">5958</subfield></datafield><datafield ind1=" " ind2=" " tag="CAT"><subfield code="a">SYS</subfield><subfield code="c">20170205</subfield><subfield code="h">214112</subfield></datafield></record></collection>